% Encoding: UTF-8

@incollection{
year={2010},
isbn={978-0-387-30768-8},
booktitle={Encyclopedia of Machine Learning},
editor={Sammut, Claude and Webb, GeoffreyI.},
doi={10.1007/978-0-387-30164-8_22},
title={Ant Colony Optimization},
url={http://dx.doi.org/10.1007/978-0-387-30164-8_22},
publisher={Springer US},
author={Dorigo, Marco and Birattari, Mauro},
pages={36-39},
language={English}
}



@Article{ref1,
author="Deneubourg, J. -L.
and Aron, S.
and Goss, S.
and Pasteels, J. M.",
title="The self-organizing exploratory pattern of the argentine ant",
journal="Journal of Insect Behavior",
volume="3",
number="2",
pages="159--168",
abstract="Workers of the Argentine ant, Iridomyrmex humilis,start to explore a chemically unmarked territory randomly. As the exploratory front advances, other explorers are recruited and a trail extends from it to the nest. Whereas recruitment trails are generally constructed between two points, these exploratory trails have no fixed destination, and strongly resemble the foraging patterns of army ants. A minimal model shows how the exploratory pattern may be generated by the individual workers' simple trail-laying and -following behavior, illustrating how complex collective structures in insect colonies may be based on self-organization.",
issn="1572-8889",
doi="10.1007/BF01417909",
url="http://dx.doi.org/10.1007/BF01417909"
}

@Unpublished{Apuntes,
author = {María José del Jesús},
title = {Apuntes de bioinformática},
note = {Universidad de Jaén},
OPTkey = {•},
OPTmonth = {•},
OPTyear = {•},
OPTannote = {•}
}

